@book{bib:huang,
   author = {K. Huang},
   title = {Statistical mechanics},
   publisher = {John Wiley \& Sons, Inc.},
   year = {1963}
}
@book{bib:reif,
   author = {F. Reif},
   title = {Fundamentals of Statistical and Thermal Physics},
   publisher = {Waveland Press Inc},
   year = {2009}
}

@book{bib:patrick,
   author = {R. Fitzpatrick},
   title = {Thermodynamics and Statistical Mechanics: An intermediate level},
   publisher = {University Reprints},
  year = {2012}
}

%article{bib:cristal1,
@article{bib:zanotto2018,
   author = {E.D. Zanotto and J.C. Mauro },
   title = {Comment on Glass Transition, Crystallization of Glass-Forming Melts, and Entropy},
   journal = {Entropy},
   year= {2018},
   volume = {20},
   pages = {103}
}

%article{bib:cristal2,
@article{bib:schmelzer2018,
   author = {J.W.P. Schmelzer and T.V. Tropin},
   title =  {Glass Transition, Crystallization of Glass-Forming Melts, and Entropy},
   journal = {Entropy},
   year = {2018},
   volume = {20},
   pages = {103}
}

%article{bib:cristal3,
@article{bib:nemilov2018,
   author = {S.V. Nemilov},
   title = {On the Possibility of Calculating Entropy, Free Energy, and Enthalpy of Vitreous Substances},
   journal = {Entropy},
   year = {2018},
   volume = {20},
   pages = {187}
}

%book{bib:kei,
@book{bib:keizer1987,
   author = {J. Keizer},
   title = {Statistical thermodynamics of nonequilibrium processes},
   publisher = {Springer-Verlag},
   address = {New York},
   year = {1987}
}

%article{bib:onsager,
@article{bib:onsager1931,
   author = {L. Onsager},
   journal = {Physical Review},
   volume = {37},
   pages = {405--426},
   year = {1931}
}

%misc{bib:paradox1,
@misc{bib:brown2008,
   author = {H.R. Brown and W. Myrvold},
   title = {Boltzmann's H-theorem, its limitations, and the birth of (fully) statistical mechanics},
   howpublished = {arXiv:0809.1304 [physics.hist-ph]},
   url = {\url{https://arxiv.org/abs/0809.1304v1}},
   year = {2008}
}

%misc{bib:paradox2,
@misc{bib:dragoljub2009,
   author = {A.C. Dragoljub},
   title = {Paradoxes of Thermodynamics and Statistical Physics},
   howpublished = {arXiv:0912.1756 [physics.gen-ph]},
   url = {\url{https://arxiv.org/abs/0912.1756}},
   year = {2009}
}

%article{bib:hamiltonian,
@article{bib:wang2014,
   author = {Q.A. Wang and A. El Kaabouchiu},
   title = {From Random Motion of Hamiltonian Systems to Boltzmann‚ H Theorem and Second Law of Thermodynamics: a Pathway by Path Probability},
   journal = {Entropy},
   year ={2014},
   volume = {16},
   pages = {885--894}
}

%article{bib:H-theorem-violation,
@article{bib:gorban2014,
   author = {A.N. Gorban},
   title = {General H-theorem and Entropies that Violate the Second Law},
   journal = {Entropy},
   year = {2014},
   volume = {16},
   pages = { 2408--2432}
}

%article{bib:H-theorem-and-entropy,
@article{bib:bennaim2017,
   author = {A. Ben-Naim},
   title = {Entropy, Shannon‚ Measure of Information and Boltzmann‚ H-Theorem},
   journal = {Entropy},
   year = { 2017},
   volume = {19},
   pages = {48}
}

@book{bib:tolman,
   author = {R.C. Tolman},
   title = {The principles of statistical mechanics},
   publisher = {Dover},
   year = {1979}
}

%article{bib:entropic-framework,
@article{bib:li2019,
   author = {S.N. Li and B.Y. Cao},
   title  = {On Entropic Framework Based on Standard and Fractional Phonon Boltzmann Transport Equations},
   journal = {Entropy},
   year = {2019},
   volume = {21},
   pages = {204}
}
%article{bib:thermal-harmonic,
@article{bib:nicacio2015,
  title = {Thermal transport in out-of-equilibrium quantum harmonic chains},
  author = {F. Nicacio and A. Ferraro and A. Imparato and M. Paternostro and F.L. Semi\~ao},
  journal = {Phys. Rev. E},
  volume = {91},
  issue = {4},
  pages = {042116},
  year = {2015},
  publisher = {American Physical Society},
  doi = {10.1103/PhysRevE.91.042116},
}

%article{bib:quantum-transport,
@article{bib:hussein2014,
  title = {Quantum transport, master equations, and exchange fluctuations},
  author = {R. Hussein and S. Kohler},
  journal = {Phys. Rev. B},
  volume = {89},
  pages = {205424},
  year = {2014},
  publisher = {American Physical Society},
  doi = {10.1103/PhysRevB.89.205424},
}

%article{bib:quantum-transport-reservoirs,
@article{bib:amato2020,
  title = {Noninteracting many-particle quantum transport between finite reservoirs},
  author = {G. Amato and H.P. Breuer and S. Wimberger and A. Rodr\'{\i}guez and A. Buchleitner},
  journal = {Phys. Rev. A},
  volume = {102},
  pages = {022207},
  year = {2020},
  publisher = {American Physical Society},
  doi = {10.1103/PhysRevA.102.022207},
}

%article{bib:htheorem2,
@article{bib:silva2010,
	author = {R. Silva and D. H. A. L. Anselmo and J. S. Alcaniz},
	doi = {10.1209/0295-5075/89/10004},
	year = 2010,
	month = {jan},
	publisher = {{IOP} Publishing},
	volume = {89},
	number = {1},
	pages = {10004},
	title = {Nonextensive quantum H-theorem},
	journal = {{EPL} (Europhysics Letters)},
}

%article{bib:quantum1,
@article{bib:deroeck2006,
   author = {W. De Roeck and C. Maes  and K. Netočný,Karel},
   title = {Quantum macrostates, equivalence of ensembles, and an H-theorem},
   journal = {Journal of Mathematical Physics},
   volume = {47},
   number = {7},
   pages = {073303},
   year = {2006},
   doi = {10.1063/1.2217810},
}

%article{bib:quantum2,
@article{bib:grabert1974,
	author = {H. Grabert and W. Weidlich},
	date-added = {2020-12-14 16:07:39 -0600},
	date-modified = {2020-12-14 16:07:39 -0600},
	doi = {10.1007/BF01669871},
	isbn = {0044-3328},
	journal = {Zeitschrift f{\"u}r Physik},
	number = {2},
	pages = {139--143},
	title = {Masterequation, H-theorem and stationary solution for coupled quantum systems},
	volume = {268},
	year = {1974},
}

%Inproceedings{bib:quantum-entropy,
@Inproceedings{bib:acharya2019,
  author={J. {Acharya} and I. {Issa} and N. V. {Shende} and A. B. {Wagner}},
  booktitle={2019 IEEE International Symposium on Information Theory (ISIT)},
  title={Measuring Quantum Entropy},
  year={2019},
  volume={},
  number={},
  pages={3012-3016},
  doi={10.1109/ISIT.2019.8849572}
}

%Article{bib:quantum-colapse,
@Article{bib:kastner2017,
   AUTHOR = {R.E. Kastner},
   TITLE = {On Quantum Collapse as a Basis for the Second Law of Thermodynamics},
   JOURNAL = {Entropy},
   VOLUME = {19},
   YEAR = {2017},
   NUMBER = {3},
   ARTICLE-NUMBER = {106},
   URL = {https://www.mdpi.com/1099-4300/19/3/106},
   ISSN = {1099-4300},
   DOI = {10.3390/e19030106}
}

%article {bib:quantum3,
@article {bib:gring2012,
	author = {M. Gring and M. Kuhnert and T. Langen and T. Kitagawa and B. Rauer
      and M. Schreitl and I. Mazets and D.A. Smith and E. Demler and J. Schmiedmayer},
	title = {Relaxation and Prethermalization in an Isolated Quantum System},
	volume = {337},
	number = {6100},
	pages = {1318--1322},
	year = {2012},
	doi = {10.1126/science.1224953},
	publisher = {American Association for the Advancement of Science},
	issn = {0036-8075},
	journal = {Science}
}

%article{bib:quantum4,
@article{bib:han2015,
  title = {Entropy for quantum pure states and quantum $H$ theorem},
  author = {X. Han and B. Wu},
  journal = {Phys. Rev. E},
  volume = {91},
  issue = {6},
  pages = {062106},
  numpages = {12},
  year = {2015},
  month = {Jun},
  publisher = {American Physical Society},
  doi = {10.1103/PhysRevE.91.062106},
}

%article{bib:binary,
@article{bib:das2018,
	doi = {10.1088/1742-5468/aae029},
	year = 2018,
	month = {oct},
	publisher = {{IOP} Publishing},
	volume = {2018},
	number = {10},
	pages = {103101},
	author = {B. Das and S. Biswas},
	title = {Proof of quantum mechanical H-theorem beyond binary collisions in quantum gases},
	journal = {Journal of Statistical Mechanics: Theory and Experiment},
}

%article{bib:contradictions,
@article{bib:lesovik2019,
	author = {G.B. Lesovik and I.A. Sadovskyy and M.V. Suslov and A.V. Lebedev and V.M. Vinokur},
	date-added = {2020-12-14 16:22:15 -0600},
	date-modified = {2020-12-14 16:22:15 -0600},
	doi = {10.1038/s41598-019-40765-6},
	isbn = {2045-2322},
	journal = {Scientific Reports},
	number = {1},
	pages = {4396},
	title = {Arrow of time and its reversal on the IBM quantum computer},
	volume = {9},
	year = {2019},
}

%article{bib:ergodic-theorem,
@article{bib:vonneumann2010,
	author = {J. von Neumann},
	date-added = {2020-12-14 16:25:24 -0600},
	date-modified = {2020-12-14 16:25:24 -0600},
	doi = {10.1140/epjh/e2010-00008-5},
	isbn = {2102-6467},
	journal = {The European Physical Journal H},
	number = {2},
	pages = {201--237},
	title = {Proof of the ergodic theorem and the H-theorem in quantum mechanics},
	volume = {35},
	year = {2010},
}

%article{bib:hydrodynamic-simulation,
@article{bib:succi2002,
  author = {S. Succi and I.V. Karlin and H. Chen},
  title = {Colloquium: Role of the H theorem in lattice Boltzmann hydrodynamic simulations},
  journal = {Rev. Mod. Phys.},
  volume = {74},
  issue = {4},
  pages = {1203--1220},
  year = {2002},
  month = {Nov},
  publisher = {American Physical Society},
  doi = {10.1103/RevModPhys.74.1203},
}
@article{bib:nicolas2020,
title = {The dynamics of the angular and radial density correlation scaling exponents in fractal to non-fractal morphodynamics},
journal = {Chaos, Solitons \& Fractals},
volume = {133},
pages = {109649},
year = {2020},
issn = {0960-0779},
doi = {https://doi.org/10.1016/j.chaos.2020.109649},
url = {http://www.sciencedirect.com/science/article/pii/S0960077920300485},
author = {J.R. Nicolás-Carlock and J.M. Solano-Altamirano and J.L. Carrillo-Estrada},
keywords = {Morphology, Scaling, Fractality, Transitions, Universality},
}
@article{bib:nicolas2016,
	author = {Nicol{\'a}s-Carlock, J. R. and Carrillo-Estrada, J. L. and Dossetti, V.},
	doi = {10.1038/srep19505},
	id = {Nicol{\'a}s-Carlock2016},
	isbn = {2045-2322},
	journal = {Scientific Reports},
	number = {1},
	pages = {19505},
	title = {Fractality {\`a}la carte: a general particle aggregation model},
	url = {https://doi.org/10.1038/srep19505},
	volume = {6},
	year = {2016},
}
@article{bib:lesovik2016,
  author = {G. B. Lesovik and A. V. Ledevev and I. A. Sadovskyy and M. V. Suslov and V. M. Vinokur},
  title = {H-theorem in Quantum Physics},
  journal = {Sci. Rep.},
  volume = {6},
  issue = {32815},
  pages = {},
  year = {2016},
  month = {Sep},
  publisher = {},
  doi = {https://doi.org/10.1038/srep32815},
}
@article{bib:angel2017,
  author = {Ángel Rivas and Miguel A. Martín-Delgado},
  title = {Topological Heat Transport and Symmetry-Protected Boson Currents},
  journal = {Sci. Rep.},
  volume = {7},
  issue = {6350},
  pages = {},
  year = {2017},
  month = {Jul},
  publisher = {},
  doi = {https://doi.org/10.1038/s41598-017-06722-x},
}
@article{bib:syros1999,
  author = {C. Syros},
  title = {Quantum thermodynamics - H-theorem and the second law},
  journal = {Letters in Mathematical Physics},
  volume = {50},
  issue = {},
  pages = {29--43},
  year = {1999},
  month = {Oct},
  publisher = {},
  doi = {https://doi.org/10.1023/A:1007639410496},
}
